@article{todo,
  title = {TODO},
  author = {X XXX},
  year = {1900},
  journal = {TODO},
}

@article{kirillov/string-net,
  title={String-net model of Turaev-Viro invariants},
  author={Alexander Kirillov},
  year={2011},
  eprint={1106.6033},
  archivePrefix={arXiv},
  primaryClass={math.AT}
}

@book{mac-lane/cats-for-working-mathematician,
  title = {Categories for the Working Mathematician},
  author = {Saunders {Mac Lane}},
  isbn = {978-1-4419-3123-8}
}

@book{morishita/knot-and-prime,
  title = {Knots and Primes - An Introduction to Arithmetic Topology},
  author = {Masanori Morishita},
  isbn = {978-1-4471-2158-9}
}

@book{serre/finite-group-rep,
  title = {Linear Representations of Finite Groups},
  author = {Jean-Pierre Serre},
  isbn = {0-387-90190-6}
}

@book{baez/knot-gravity,
  title = {Gauge Fields, Knotsand Gravity},
  author = {John Baez and Javier P. Muniain},
  isbn = {9810217293}
}
@book{iversen/cohomology-of-sheaves,
  title = {Cohomology of Sheaves},
  author = {Birger Iversen},
  isbn = {3-540-16389-1},
}

@misc{rowell/classification-mtc,
  title={On classification of modular tensor categories},
  author={Eric Rowell and Richard Stong and Zhenghan Wang},
  year={2009},
  eprint={0712.1377},
  archivePrefix={arXiv},
  primaryClass={math.QA}
}

@article{aasen-bonderson-knapp/torsorial-actions-on-g-crossed-braided-tensor-categories,
  title={Torsorial actions on $G$-crossed braided tensor categories},
  author={David Aasen and Parsa Bonderson and Christina Knapp},
  year={2021},
  eprint={2107.10270},
  archivePrefix={arXiv},
  primaryClass={math.QA}
}

@book{kirillov/mtc,
  title = "Lectures on Tensor Categories and Modular Functors",
  year = {2002},
  author = {Bojko Bakalov and Alexander Kirillov},
  isbn = {0-8218-2686-7},
  publisher = "Bulletin of the London Mathematical Society, 34(3), 374-384",
}

@article{atiyah/tqft,
  title = {Topological Quantum Field Theory},
  author = {Michael F. Atiyah},
  year = {1988},
  journal = {Publications mathématiques de l’I.H.É.S., tome 68 (1988), p. 175-186},
}

@article{crane-yetter/a-categorical-construction-of-4d-tqft,
  author = {Louis Crane and David Yetter},
  year = {1993},
  title = {A categorical construction of 4D topological quantum field theories},
  booktitle = {Quantum Topology},
  pages = {120-130},
  doi = {10.1142/9789812796387_0005}
}

@article{crane-kauffman-yetter/crane-yetter-state-sum,
  title   = {State-Sum Invariants of 4-Manifolds},
  author  = {Louis Crane and Louis H. Kauffman and David N. Yetter},
  year    = {1997},
  journal = {Journal of Knot Theory and Its Ramifications | Vol. 06, No. 02, pp. 177-234},
}

@article{MTC-321tqft,
  author = "Bartlett, Bruce and Douglas, Christopher L. and Schommer-Pries, Christopher J. and Vicary, Jamie",
  title = "{Modular categories as representations of the 3-dimensional bordism 2-category}",
  eprint = "1509.06811",
  archivePrefix = "arXiv",
  primaryClass = "math.AT",
  month = "9",
  year = "2015",
}

@article{RT-3-tqft,
  author = "Reshetikhin, N. and Turaev, V. G.",
  month  = "12",
  year   = "1991",
  title  = "Invariants of 3-manifolds via link polynomials and quantum groups",
  journal = "Inventiones mathematicae",
}

@article{RT-ribbon-graphs,
  author={Reshetikhin, N. Yu.},
  author={Turaev, V. G.},
  title={Ribbon graphs and their invariants derived from quantum groups},
  journal={Comm. Math. Phys.},
  volume={127},
  date={1990},
  number={1},
  pages={1--26},
  issn={0010-3616},
  review={\MR{1036112}},
}

@article{lurie/classify-eTQFT,
  address = "Boston, MA",
  author = "Lurie, Jacob",
  booktitle = "Current Developments in Mathematics, 2008",
  pages = "129--280",
  publisher = "International Press of Boston",
  series = "Current Developments in Mathematics",
  title = "On the classification of topological field theories",
  url = "https://projecteuclid.org/euclid.cdm/1254748657",
  volume = "Volume 2008",
  month = "10",
  year = "2009"
}

@book{quantum-group--kassel,
  title = {Quantum Groups},
  author = {Christian Kassel},
  year = {1995},
  PUBLISHER = {Springer-Verlag New York, Inc},
}

@book{egno/tensor-cats,
  title = {Tensor Categories},
  author = {Pavel Etingof and Shlomo Gelaki and Dmitri Nikshych and Victor Ostrik},
  year = {2015},
  PUBLISHER = {American Mathematical Society},
}

@article{eno/fusion-cats,
  label={ENO2005},
  author={Etingof, Pavel},
  author={Nikshych, Dmitri},
  author={Ostrik, Viktor},
  title={On fusion categories},
  journal={Ann. of Math. (2)},
  volume={162},
  date={2005},
  number={2},
  pages={581--642},
  issn={0003-486X},
  %review={\MR{2183279 (2006m:16051)}},
  %doi={10.4007/annals.2005.162.581},
}

@article{elliptic--tham,
  author = {Ying Hong Tham},
  title = {The Elliptic Drinfeld Center of a Premodular Category},
  journal = {arXiv:2019.09511},
  year  = {2019}
}

@article{reduced--tham,
  author = {Ying Hong Tham},
  title = {Reduced Tensor Product on the Drinfeld Center},
  journal = {arXiv:2004.09611},
  year  = {2020}
}

@article{fac-homo--kirillov-tham,
  author = {Alexander Kirillov and Ying Hong Tham},
  title = {Factorization Homology and 4D TQFT},
  journal = {Quantum Topology (to appear)},
  year = {2021},
  eprint = {2002.08571},
  archivePrefix = {arXiv}
}

@article{reps-q-double--gould,
  author = {M.D. Gould},
  title = {Quantum double finite group algebras and their representations},
  journal = {Bull. Austral. Math. Soc.},
  volume = {48},
  page = {275-301},
  year  = {1993}
}

@article{orbifold1--kirillov,
  author = {Alexander Kirillov},
  title = {Modular categories and orbifold models},
  journal = {arXiv:math/0104242},
  year  = {2001}
}

@article{orbifold2--kirillov,
  author = {Alexander Kirillov},
  title = {Modular categories and orbifold models II},
  journal = {arXiv:math/0110221},
  year  = {2001}
}

@article{bantay/chars-xmods,
  author = {P. Bantay},
  title = {Characters of Crossed Modules and Premodular Categories},
  journal = {arXiv:math/0512542},
  year  = {2005}
}

@misc{schweigert/chars-xmods,
  title={Modular categories from finite crossed modules},
  author={Jennifer Maier and Christoph Schweigert},
  year={2012},
  eprint={1003.2070},
  archivePrefix={arXiv},
  primaryClass={math.QA}
}

@article{irrep-q-double--burcui,
  author = {Sebastian Burciu},
  title = {On the irreducible representations of generalized quantum doubles},
  journal = {arXiv:1202.4315v1},
  year  = {2012}
}

@misc{bruillard/rank4-premodular-cats,
  title={Rank 4 Premodular Categories},
  author={Paul Bruillard},
  year={2016},
  eprint={1204.4836},
  archivePrefix={arXiv},
  primaryClass={math.QA}
}

@article{bruillard/rank5-premodular-cats,
  title={Classification of rank 5 premodular categories},
  volume={59},
  ISSN={1089-7658},
  url={http://dx.doi.org/10.1063/1.5020256},
  DOI={10.1063/1.5020256},
  number={1},
  journal={Journal of Mathematical Physics},
  publisher={AIP Publishing},
  author={Bruillard, Paul and Ortiz-Marrero, Carlos M.},
  year={2018},
  month={Jan},
  pages={011702}
}

@article{lauda/frob-algebra-and-ambi-adjuntion,
  title={Frobenius algebras and ambidextrous adjunctions},
  author={Aaron D. Lauda},
  year={2006}
}

@article{mandell/cochains-and-homotopy-type,
  title={Cochains and homotopy type},
  author={Mandell, Michael A.},
  year={2006},
  journal={Publications Mathématiques de l'Institut des Hautes Études Scientifiques},
  doi={10.1007/s10240-006-0037-6},
}

@article{penrose/angularmomentum,
  author = {Roger Penrose},
  title = {Angular momentum: an approach to combinatorial spacetime},
  booktitle = {Living Reviews in Relativity http://www.livingreviews.org/lrr-2008-5 Carlo Rovelli},
  year = {1971},
  pages = {151--180},
  publisher = {University Press}
}

@article{kirillov-balsam/turaev-viro-I,
  title={Turaev-Viro invariants as an extended TQFT},
  author={Alexander Kirillov and Benjamin Balsam},
  year={2010},
  eprint={1004.1533},
  archivePrefix={arXiv},
  primaryClass={math.GT}
}

@article{balsam/turaev-viro-II,
  title={Turaev-Viro invariants as an extended TQFT II},
  author={Benjamin Balsam},
  year={2010},
  eprint={1010.1222v1},
  archivePrefix={arXiv},
  primaryClass={math.QA}
}

@article{balsam/turaev-viro-III,
  title={Turaev-Viro invariants as an extended TQFT III},
  author={Benjamin Balsam},
  year={2011},
  eprint={1012.0560},
  archivePrefix={arXiv},
  primaryClass={math.QA}
}

@article{barrett/observables-in-tv-and-cy,
  author = "Barrett, John W. and Garcia-Islas, J. Manuel and Martins, Joao Faria",
  title = "{Observables in the Turaev-Viro and Crane-Yetter models}",
  eprint = "math/0411281",
  archivePrefix = "arXiv",
  doi = "10.1063/1.2759440",
  journal = "J. Math. Phys.",
  volume = "48",
  pages = "093508",
  year = "2007"
}

@article{cooke2019excision,
  title={Excision of Skein Categories and Factorisation Homology},
  author={Juliet Cooke},
  year={2019},
  eprint={1910.02630},
  archivePrefix={arXiv},
  primaryClass={math.QA}
}

@article{integrating-quantum-groups-over-surfaces,
  title={Integrating quantum groups over surfaces},
  volume={11},
  ISSN={1753-8416},
  url={http://dx.doi.org/10.1112/topo.12072},
  DOI={10.1112/topo.12072},
  number={4},
  journal={Journal of Topology},
  publisher={Wiley},
  author={Ben-Zvi, David and Brochier, Adrien and Jordan, David},
  year={2018},
  month={8},
  pages={874–917}
}

@article{wasserman2019reduced,
  title={The Reduced Tensor Product of Braided Tensor Categories Containing a Symmetric Fusion Category},
  author={Thomas A. Wasserman},
  year={2019},
  eprint={1910.13562},
  archivePrefix={arXiv},
  primaryClass={math.QA}
}

@book{lickorish-knot-theory,
  title={An Introduction to Knot Theory},
  author={W. B. Raymond Lickorish}
}

@article{kirby1978,
  author = {Kirby, Robion},
  journal = {Inventiones mathematicae},
  pages = {35-56},
  title = {A Calculus for Framed Links in S3.},
  url = {http://eudml.org/doc/142535},
  volume = {45},
  year = {1978}
}

@inbook{crane-yetter-categorical-construction,
  author = {Louis Crane and David Yetter},
  title = {A categorical construction of 4d topological quantum field theories},
  booktitle = {Quantum Topology},
  chapter = {},
  pages = {120-130},
  doi = {10.1142/9789812796387_0005},
  URL = {https://www.worldscientific.com/doi/abs/10.1142/9789812796387_0005},
  eprint = {https://www.worldscientific.com/doi/pdf/10.1142/9789812796387_0005},
  abstract = {Abstract The following sections are included: Introduction The Construction Proof of Topological Invariance Mathematical Implications Mathematical Extensions Physical Implications References}
}

@MISC {mathoverflow/194633,
  TITLE = {How are the Walker-Wang TQFT and the Crane-Yetter TQFT related?},
  AUTHOR = {Kevin Walker},
  NOTE = {https://mathoverflow.net/users/284/kevin-walker},
  URL = {https://mathoverflow.net/q/194633},
  YEAR = {2015},
  MONTH = {Jan}
}

@article {walker-wang-model,
  AUTHOR={Walker, Kevin and Wang, Zhenghan},
  YEAR={2012},
  TITLE={(3+1)-TQFTs and topological insulators},
  JOURNAL={Frontiers of Physics},
  ABSTRACT={Levin-Wen models are microscopic spin models for topological phases of matter in (2+1)-dimension. We introduce a generalization of such models to (3 + 1)-dimension based on unitary braided fusion categories, also known as unitary premodular categories. We discuss the ground state degeneracy on 3-manifolds and statistics of excitations which include both points and defect loops. Potential connections with recently proposed fractional topological insulators and projective ribbon permutation statistics are described.},
  URL={https://doi.org/10.1007/s11467-011-0194-z},
  DOI={10.1007/s11467-011-0194-z}
}

@article{turaev-viro-model,
  title = {State sum invariants of 3-manifolds and quantum 6j-symbols},
  journal = {Topology},
  volume = {31},
  number = {4},
  pages = {865-902},
  year = {1992},
  issn = {0040-9383},
  doi = {https://doi.org/10.1016/0040-9383(92)90015-A},
  url = {https://www.sciencedirect.com/science/article/pii/004093839290015A},
  author = {V.G. Turaev and O.Y. Viro}
}

@article{balanced-tensor-product,
  author = {Christopher L. Douglas and Christopher Schommer-Pries and Noah Snyder},
  title = {{The balanced tensor product of module categories}},
  volume = {59},
  journal = {Kyoto Journal of Mathematics},
  number = {1},
  publisher = {Duke University Press},
  pages = {167 -- 179},
  keywords = {Deligne tensor product, Kelly tensor product, module category, tensor category},
  year = {2019},
  doi = {10.1215/21562261-2018-0006},
  URL = {https://doi.org/10.1215/21562261-2018-0006}
}

@ARTICLE{q-mackay,
  author = {{Kirillov}, Alexander, and {Ostrik}, Viktor},
  title = "{On q-analog of McKay correspondence and ADE classification of sl\^(2) conformal field theories}",
  journal = {arXiv Mathematics e-prints},
  keywords = {Mathematics - Quantum Algebra},
  year = 2001,
  month = jan,
  eid = {math/0101219},
  pages = {math/0101219},
  archivePrefix = {arXiv},
  eprint = {math/0101219},
  primaryClass = {math.QA},
  adsurl = {https://ui.adsabs.harvard.edu/abs/2001math......1219K},
  adsnote = {Provided by the SAO/NASA Astrophysics Data System}
}

@book{turaev-qiok-3-manifolds,
  author = {Vladimir G. Turaev},
  title = {Quantum Invariants of Knots and 3-Manifolds},
  year = {2010},
  publisher = {De Gruyter},
  ISBN = {978-3-11-022183-1},
  e-ISBN = {978-3-11-022184-8},
  ISSN = {0179-0986},
  version = {Second revised edition}
}

@article{levin-wen-model,
  title = {String-net condensation: A physical mechanism for topological phases},
  author = {Levin, Michael A. and Wen, Xiao-Gang},
  journal = {Phys. Rev. B},
  volume = {71},
  issue = {4},
  pages = {045110},
  numpages = {21},
  year = {2005},
  month = {Jan},
  publisher = {American Physical Society},
  doi = {10.1103/PhysRevB.71.045110},
  url = {https://link.aps.org/doi/10.1103/PhysRevB.71.045110}
}

@article{milnor/46y-later,
  title = {Differential Topology Forty-six Years Later},
  author = {John Milnor},
  journal = {Notices of the AMS},
  volume = {58},
  number = {6},
  year = {2011}
}

@article{milnor/topological-manifolds-and-smooth-manifolds,
  title = {Topological Manifolds and Smooth Manifolds},
  author = {John Milnor}
}

@thesis{tham/phd-thesis,
  title={On the Category of Boundary Values in the Extended Crane-Yetter TQFT},
  author={Ying Hong Tham},
  year={2021},
  eprint={2108.13467},
  archivePrefix={arXiv},
  primaryClass={math.QA},
  type={Ph.D. thesis}
}

@article{guu/higher-genera-center,
  title={Categorical Center of Higher Genera and 4D Factorization Homology},
  author={Jin-Cheng Guu},
  journal={submitted to Quantum Topology},
  year={2021},
  eprint={2107.05914},
  archivePrefix={arXiv},
  primaryClass={math.QA}
}

@article{guu/explicit-factorization,
  title={Explicit factorization of Drinfeld categorical center},
  author={Jin-Cheng Guu and Ying-Hong Tham},
  year={in preparation},
}

@article{rank-5-premods,
  author = {P. Bruillard and Carlos M. Ortiz-Marrero},
  title = {Classification of rank 5 premodular categories},
  journal = {Journal of Mathematical Physics},
  volume = {59},
  number = {1},
  pages = {011702},
  year = {2018},
  doi = {10.1063/1.5020256},
}

@article{mueger/structure-of-mod-cats,
  title={On the structure of modular categories},
  author={Michael Mueger},
  journal={Annals of Probability},
  year={2002}
}

@article{kong/anyon-condensation,
  title={Anyon condensation and tensor categories},
  volume={886},
  ISSN={0550-3213},
  url={http://dx.doi.org/10.1016/j.nuclphysb.2014.07.003},
  DOI={10.1016/j.nuclphysb.2014.07.003},
  journal={Nuclear Physics B},
  publisher={Elsevier BV},
  author={Kong, Liang},
  year={2014},
  month={Sep},
  pages={436–482}
}

@article{ochiai/hard-unknot,
  title={Non-trivial projections of the trivial knot},
  author={Mitsuyuki Ochiai},
  year={1990},
  pages={7–10},
  volume={192},
  journal={Astérisque}
}

@article{kitaev/qc-by-anyons,
   title={Fault-tolerant quantum computation by anyons},
   volume={303},
   ISSN={0003-4916},
   url={http://dx.doi.org/10.1016/S0003-4916(02)00018-0},
   DOI={10.1016/s0003-4916(02)00018-0},
   number={1},
   journal={Annals of Physics},
   publisher={Elsevier BV},
   author={Kitaev, A.Yu.},
   year={2003},
   month={Jan},
   pages={2–30}
}

@article{cheng/q-inv-and-mock-theta,
   title={Three-manifold quantum invariants and mock theta functions},
   volume={378},
   ISSN={1471-2962},
   url={http://dx.doi.org/10.1098/rsta.2018.0439},
   DOI={10.1098/rsta.2018.0439},
   number={2163},
   journal={Philosophical Transactions of the Royal Society A: Mathematical, Physical and Engineering Sciences},
   publisher={The Royal Society},
   author={Cheng, Miranda C. N. and Ferrari, Francesca and Sgroi, Gabriele},
   year={2019},
   month={Dec},
   pages={20180439}
}

@article{bjs2018,
   title={On dualizability of braided tensor categories},
   volume={157},
   ISSN={1570-5846},
   url={http://dx.doi.org/10.1112/S0010437X20007630},
   DOI={10.1112/s0010437x20007630},
   number={3},
   journal={Compositio Mathematica},
   publisher={Wiley},
   author={Brochier, Adrien and Jordan, David and Snyder, Noah},
   year={2021},
   month={3},
   pages={435–483}
}

@misc{khovanov-robert/foam,
      title={Foam evaluation and Kronheimer--Mrowka theories},
      author={Mikhail Khovanov and Louis-Hadrien Robert},
      year={2018},
      eprint={1808.09662},
      archivePrefix={arXiv},
      primaryClass={math.GT}
}

@misc{reutter/semisimple,
      title={Semisimple 4-dimensional topological field theories cannot detect exotic smooth structure},
      author={David Reutter},
      year={2020},
      eprint={2001.02288},
      archivePrefix={arXiv},
      primaryClass={math.GT}
}

@misc{barenz/evaluation-crane-yetter,
      title={Evaluating TQFT invariants from G-crossed braided spherical fusion categories via Kirby diagrams with 3-handles},
      author={Manuel Bärenz},
      year={2021},
      eprint={1810.05833},
      archivePrefix={arXiv},
      primaryClass={math.GT}
}

@book{scorpan/the-wild-world-of-4-manifolds,
  title={The Wild World of 4-Manifolds},
  author={Alexandru Scorpan},
  ISBN={0-8218-3749-4}
}

@book{gompf-stipsicz/4-manifolds-and-kirby-calculus,
  title={4-Manifolds and Kirby Calculus},
  author={Robert E. Gompf and András I. Stipsicz},
  ISBN={0-8218-0994-6}
}

@book{matveev/algorithmic-topology-and-classification-of-3-manifolds,
  title={Algorithmic Topology and Classification of 3-Manifolds},
  author={Sergei Matveev},
  ISBN={3-540-44171-9},
  ISSN={1431-1550}
}

@misc{walker/universal-state-sum,
      title={A universal state sum},
      author={Kevin Walker},
      year={2021},
      eprint={2104.02101},
      archivePrefix={arXiv},
      primaryClass={math.QA}
}

@article{wang-et-al/fractionalization-defects-gauging-of-topological-phases,
  title = {Symmetry fractionalization, defects, and gauging of topological phases},
  author = {Barkeshli, Maissam and Bonderson, Parsa and Cheng, Meng and Wang, Zhenghan},
  journal = {Phys. Rev. B},
  volume = {100},
  issue = {11},
  pages = {115147},
  numpages = {99},
  year = {2019},
  month = {Sep},
  publisher = {American Physical Society},
  doi = {10.1103/PhysRevB.100.115147},
  url = {https://link.aps.org/doi/10.1103/PhysRevB.100.115147}
}

@book{rourke-sanderson/intro-to-pl-topology,
  title = {Introduction to Piecewise-Linear Topology},
  author = {C. P. Rourke and B. J. Sanderson},
  isbn = {0-387-05800-1},
  publisher = {Springer-Verlag New York Heidelberg Berlin}
}

@article{manolescu/lectures-on-the-triangulation-conjecture,
  title = {Lectures on the triangulation conjecture},
  author = {Ciprian Manolescu},
  year={2016},
  eprint={1607.08163},
  archivePrefix={arXiv}
}

@article{turaev/topology-of-shadows, %info taken from turaev's book
  title = {Topology of Shadows},
  author = {Vladimir G. Turaev},
  publisher = {Preprint},
  year={1991}
}
